@Misc{envisage,
  title = {{ENVISAGE}: {E}ngineering {V}irtualized {S}ervices},
  note  = {http://www.envisage-project.eu},
}

@Misc{jstree,
  title = {{JST}ree},
  note  = {http://www.jstree.com},
}

@Misc{orion,
  title= {{O}rion},
  author= {{E}clipse {F}undation},
  note = {http://orionhub.org},
}

@Misc{cloud9,
  title= {{C}loud{9}},
  note = {https://c9.io},
}

@Misc{codingground,
  title= {{C}oding{G}round},
  note = {http://www.tutorialspoint.com/codingground.htm},
}

@Misc{codeboard,
  title= {{C}odeboard},
  note = {https://www.codeboard.io},
}

@Misc{rise4fun,
  title= {{R}ise4{F}un},
  note = {http://www.rise4fun.com},
}

@Misc{codemirror,
  title = {{C}ode{M}irror},
  note  = {http://codemirror.net},
}

@Misc{jquery,
  title = {{JQ}uery},
  note  = {http://jquery.com},
}

@Misc{dygraphs,
  title = {{D}y{G}raphs},
  note  = {http://dygraphs.com},
}

@inproceedings{johnsen10fmco,
  author    = {Einar Broch Johnsen and
               Reiner H{\"a}hnle and
               Jan Sch{\"a}fer and
               Rudolf Schlatte and
               Martin Steffen},
  editor    = {Bernhard K. Aichernig and
               Frank S. de Boer and
               Marcello M. Bonsangue},
  title     = {{ABS}: A {C}ore {L}anguage for {A}bstract {B}ehavioral {S}pecification},
  booktitle  = {Formal Methods for Components and Objects - 9th International
               Symposium, FMCO 2010, Graz, Austria, November 29 - December
               1, 2010. Revised Papers},
  pages     = {142-164},
  series    = lncs,
  volume    = 6957,
  year      = 2012,
  publisher = {Springer}
}


@Misc{syco,
  title = { Tutorial on {S}ystematic {T}esting ({SYCO})},
  note = {http://abs-models.org/chapter/4-systematic-testing-syco/},
  author = { Elvira Albert and
             Puri Arenas and
             Miguel G{\'o}mez-Zamalloa and
             Miguel Isabel},
}

@Misc{apet,
  title = {Tutorial on {T}est-{C}ase {G}eneration (a{PET})},
  note = {http://abs-models.org/chapter/5-test-case-generation-apet/},
  author = { Elvira Albert and
             Puri Arenas and
             Miguel G{\'o}mez-Zamalloa and
             Miguel Isabel},
}

@Misc{stc,
  title = {{S}yntax/{T}ype {C}hecker},

}

@Misc{abshcs,
  title = {Tutorial on {ABS}-{H}askell {C}ompiler {S}imulator},
  note = {http://abs-models.org/chapter/9-code-generation-haskell/},
}

@Misc{abses,
  title = {Tutorial on {ABS} {E}r{L}ang {S}imulator},
  note = {http://abs-models.org/chapter/1-simulation/},
}

@Misc{abssd,
  title = {Tutorial on {ABS} {S}mart {D}eployer},
  note = {http://abs-models.org/chapter/8-smart-deployer/},
  author = {Jacopo Mauro},
}

@Misc{dadsa,
  title = {Tutorial on {D}eadlock {A}nalysis ({DSA})},
  note = {http://abs-models.org/chapter/3-deadlock-analysis-dsa/},
  author = { Abel Garc{\'i}a and
             Elena Gianchino},
}

@Misc{dasaco,
  title = {Tutorial on {D}eadlock {A}nalysis ({SACO})},
  note = {http://abs-models.org/chapter/2-deadlock-analysis-saco/},
  author = {Jes{\'u}s Correas and
            Antonio Flores and
            Samir Genaim and
            Enrique Mart{\'i}n and
            Guillermo Rom{\'a}n},
}


@inproceedings{mhpsaco4,
  author = {Elvira Albert and Samir Genaim and Pablo Gordillo},
  title = {May-{H}appen-in-{P}arallel {A}nalysis for {A}synchronous {P}rograms with {I}nter-{P}rocedural {S}ynchronization},
  booktitle = {Static Analysis - 22nd International Symposium, {SAS} 2015. Proceedings},
  publisher = {Springer},
  year = {2015},
  series = {Lecture Notes in Computer Science},
  doi = {10.1007/978-3-662-48288-9_5},
  pages = {72-89},
  volume = {9291},
  isbn = {978-3-662-48287-2}
}
@article{mhpsaco3,
 author = {Albert, Elvira and Flores-Montoya, Antonio and Genaim, Samir and Martin-Martin, Enrique},
 title = {May-Happen-in-Parallel Analysis for Actor-Based Concurrency},
 journal = {ACM Trans. Comput. Logic},
 issue_date = {March 2016},
 volume = {17},
 number = {2},
 month = dec,
 year = {2015},
 issn = {1529-3785},
 pages = {11:1--11:39},
 articleno = {11},
 numpages = {39},
 url = {http://doi.acm.org/10.1145/2824255},
 doi = {10.1145/2824255},
 acmid = {2824255},
 publisher = {ACM},
 address = {New York, NY, USA},
 keywords = {Actors, analysis, concurrency, may-happen-in-parallel},
} 

@inproceedings{mhpsaco2,
  author = {Elvira Albert  and Samir Genaim and Enrique Martin-Martin},
  title = {May-{H}appen-in-{P}arallel {A}nalysis for {P}riority-based {S}cheduling},
  booktitle = {19th International Conference on Logic for Programming, Artificial Intelligence, and Reasoning (LPAR-19)},
  editor = {McMillan, Ken and Middeldorp, Aart and Voronkov, Andrei},
  volume = {8312},
  series = {Lecture Notes in Computer Science},
  publisher = {Springer},
  isbn = {978-3-642-45220-8},
  month = dec,
  year = {2013},
  pages = {18-34},
  doi = {10.1007/978-3-642-45221-5_2},
  url = {http://dx.doi.org/10.1007/978-3-642-45221-5_2}
}

@inproceedings{mhpsaco1,
  author = {Antonio Flores-Montoya and Elvira Albert and Samir Genaim},
  title = {May-{H}appen-in-{P}arallel based  {D}eadlock {A}nalysis for {C}oncurrent {O}bjects},
  booktitle = {Formal Techniques for Distributed Systems (FMOODS/FORTE 2013)},
  editor = {Dirk Beyer and Michele Boreale},
  series = {Lecture Notes in Computer Science},
  month = jun,
  year = {2013},
  pages = {273-288},
  volume = {7892},
  isbn = {978-3-642-38591-9},
  url = {http://dx.doi.org/10.1007/978-3-642-38592-6_19},
  publisher = {Springer}
} 

@Misc{rasra,
  title = {Tutorial on {R}esource {A}nalysis ({SRA})},
  note = {http://abs-models.org/chapter/7-resource-analysis-sra/},
  author = { Abel Garc{\'i}a and
             Elena Gianchino},
}

@Misc{rasaco,
  title = {Tutorial on {R}esource {A}nalysis ({SACO})},
  note = {http://abs-models.org/chapter/6-resource-analysis-saco/},
  author = {Jes{\'u}s Correas and
            Antonio Flores and
            Samir Genaim and
            Enrique Mart{\'i}n and
            Guillermo Rom{\'a}n},
}

@Misc{absprog,
  title = {Tutorial on {R}esource {A}nalysis ({SRA})},
  note = {http://abs-models.org/documentation/manual/},
  author = { Abel Garc{\'i}a and
             Elena Gianchino},
}


@book{apachesecurity,
  author    = {Ivan Risti{\'c}},
  title     = {{A}pache {S}ecurity},
  month     = mar,
  year      = 2005,
  publisher = {{F}eisty {D}uck}
}

@book{steyer2013learning,
  title={Learning JQuery: A Hands-on Guide to Building Rich Interactive Web Front Ends},
  author={Steyer, Ralph},
  year={2013},
  publisher={Addison-Wesley}
}


@misc{rfc2616,
  author="R. Fielding and J. Gettys and J. Mogul and H. Frystyk and L. Masinter and P. Leach and T. Berners-Lee",
  title="{Hypertext Transfer Protocol -- HTTP/1.1}",
  series="Request for Comments",
  number="2616",
  howpublished="RFC 2616 (Draft Standard)",
  publisher="IETF",
  organization="Internet Engineering Task Force",
  year=1999,
  month=jun,
    note="Obsoleted by RFCs 7230, 7231, 7232, 7233, 7234, 7235, updated by RFCs 2817, 5785, 6266, 6585",
  url="http://www.ietf.org/rfc/rfc2616.txt",
}

@Misc{json,
 title={Introducing JSON, official web-site},
 note = {http://www.json.org/},
}

@article{svg,
  title={Scalable Vector Graphics (SVG) 1.2},
  author={Ola Andersson et al},
  note = {https://www.w3.org/Graphics/SVG/1.2/WD-SVG12-20041027.pdf},
  year={2004}
}

@inProceedings{AlbertGI16,
  author =	 {Elvira Albert and Miguel G{\'{o}}mez{-}Zamalloa and
                  Miguel Isabel},
  title =	 {{SYCO}: A Systematic Testing Tool for Concurrent
                  Objects},
  editor =	 {Ayal Zaks and Manuel V. Hermenegildo},
  booktitle =	 {25th International Conference on Compiler
                  Construction ({CC}'16)},
  pages =	 {269--270},
  year =	 2016,
  doi = {10.1145/2892208.2892236},
  publisher =	 {ACM},
  keywords =	 {ENVISAGE,wp3,m30,t3.5,MSR-..}
}

@inproceedings{AlbertGI16a,
  author =   {E. Albert and M. G\'omez-Zamalloa  and M. Isabel},
  title =    {Combining {S}tatic  {A}nalysis and  {T}esting for  {D}eadlock  {D}etection},
  year =     2016,
  keywords =   {ENVISAGE,wp3,m30,t3.5},
  booktitle   = {12th International Conference on integrated Formal Methods,  iFM 2016},
  note =      {To appear}
}

@incollection{AlbertAGZR14,
  author =	 {Elvira Albert and Puri Arenas and Miguel
                  G\'omez-Zamalloa and Jose Miguel Rojas},
  booktitle =	 {Formal Methods for Executable Software Models},
  title =	 {Test {C}ase {G}eneration by {S}ymbolic {E}xecution:
                  {B}asic {C}oncepts, a {CLP}-{B}ased {I}nstance, and
                  {A}ctor-{B}ased {C}oncurrency},
  pages =	 {263--309},
  year      = {2014},
  series    = {Lecture Notes in Computer Science},
  volume    = {8483},
  doi       = {10.1007/978-3-319-07317-0_7},
  publisher = {Springer},
  keywords  = {ENVISAGE, wp3, m30, t3.5, MSR-108}
}

@inProceedings{AlbertAGM15,
  author =   {Elvira Albert and Puri Arenas and Miguel G\'omez-Zamalloa},
  title =    {Test {C}ase {G}eneration of {A}ctor {S}ystems},
  booktitle     = {13th International Symposium on Automated Technology for Verification and Analysis, {ATVA} 2015. Proceedings},  
  publisher = PUB-SV,
  year      = {2015},
  series 	= lncs,
  pages = {259--275},
  volume = {9364},
  doi     = {10.1007/978-3-319-24953-7_21},
  pdf =      {http://costa.ls.fi.upm.es/papers/costa/AlbertAGZ15.pdf},
  keywords = {ENVISAGE, T3.5, m30, MSR-14}
}

@article{WBdBGZdGHMS14,
  author =	 {Peter Y. H. Wong and Richard Bubel and Frank S. de
                  Boer and Miguel G{\'{o}}mez{-}Zamalloa and Stijn de
                  Gouw and Reiner H{\"{a}}hnle and Karl Meinke and
                  Muddassar Azam Sindhu},
  title =	 {Testing {A}bstract {B}ehavioral {S}pecifications},
  journal =	 STTT,
  volume =	 17,
  number =	 1,
  pages =	 {107--119},
  year =	 2015,
  doi       = {10.1007/s10009-014-0301-x},
  keywords =	 {ENVISAGE, wp3, m30, t3.5, MSR-41},
}

@Inbook{Albert2014,
author="Albert, Elvira
and Arenas, Puri
and Flores-Montoya, Antonio
and Genaim, Samir
and G{\'o}mez-Zamalloa, Miguel
and Martin-Martin, Enrique
and Puebla, German
and Rom{\'a}n-D{\'i}ez, Guillermo",
editor="{\'A}brah{\'a}m, Erika
and Havelund, Klaus",
title="SACO: Static Analyzer for Concurrent Objects",
bookTitle="Tools and Algorithms for the Construction and Analysis of
                  Systems: 20th International Conference, TACAS 2014,
                  Held as Part of the European Joint Conferences on
                  Theory and Practice of Software, ETAPS 2014,
                  Grenoble, France, April 5-13, 2014. Proceedings",
year="2014",
publisher="Springer Berlin Heidelberg",
address="Berlin, Heidelberg",
pages="562--567",
isbn="978-3-642-54862-8",
doi="10.1007/978-3-642-54862-8_46",
url="http://dx.doi.org/10.1007/978-3-642-54862-8_46"
}

@Article{Giachino2015,
author="Giachino, Elena
and Laneve, Cosimo
and Lienhardt, Michael",
title={{A} framework for deadlock detection in core{\_}{ABS} },
journal="Software {\&} Systems Modeling",
year="2015",
pages="1--36",
abstract="We present a framework for statically detecting deadlocks in
                  a concurrent object-oriented language with
                  asynchronous method calls and cooperative scheduling
                  of method activations. Since this language features
                  recursion and dynamic resource creation, deadlock
                  detection is extremely complex and state-of-the-art
                  solutions either give imprecise answers or do not
                  scale. In order to augment precision and
                  scalability, we propose a modular framework that
                  allows several techniques to be combined. The basic
                  component of the framework is a front-end inference
                  algorithm that extracts abstract behavioral
                  descriptions of methods, called contracts, which
                  retain resource dependency information. This
                  component is integrated with a number of possible
                  different back-ends that analyze contracts and
                  derive deadlock information. As a proof-of-concept,
                  we discuss two such back-ends: (1) an evaluator that
                  computes a fixpoint semantics and (2) an evaluator
                  using abstract model checking.",
issn="1619-1374",
doi="10.1007/s10270-014-0444-y",
url="http://dx.doi.org/10.1007/s10270-014-0444-y"
}

